@misc{cryptoeprint:2016:635,
    author = {Florian Tramer and Fan Zhang and Huang Lin and Jean-Pierre Hubaux and Ari Juels and Elaine Shi},
    title = {Sealed-Glass Proofs: Using Transparent Enclaves to Prove and Sell Knowledge},
    howpublished = {Cryptology ePrint Archive, Report 2016/635},
    year = {2016},
    note = {{http://eprint.iacr.org/2016/635}},
}

@inproceedings{towncrier,
    title = {{Town Crier: An Authenticated Data Feed for Smart Contracts}},
    author = {Fan Zhang and Ethan Cecchetti and Kyle Croman and Ari Juels and Elaine Shi},
    booktitle={CCS'16},
    year = {2016},
    url = {http://www.cs.cornell.edu/~fanz/files/pubs/tc-ccs16-final.pdf},
}

@inproceedings {197128,
    title = {Stealing Machine Learning Models via Prediction {APIs}},
    booktitle = {25th USENIX Security Symposium (USENIX Security 16)},
    author = {Florian Tramer and Fan Zhang and Ari Juels and Michael Reiter and Thomas Ristenpart},
    year = {2016},
    address = {Austin, TX},
    url = {https://www.usenix.org/conference/usenixsecurity16/technical-sessions/presentation/tramer},
    publisher = {USENIX Association},
}

@inproceedings{yang2015plateclick,
  title={PlateClick: Bootstrapping Food Preferences Through an Adaptive Visual Interface},
  author={Longqi Yang and Yin Cui and Fan Zhang and John P Pollak and Serge Belongie and Deborah Estrin},
  booktitle={Proceedings of the 24th ACM International on Conference on Information and Knowledge Management},
  pages={183--192},
  year={2015},
  organization={ACM},
  url = {http://www.cs.cornell.edu/~ylongqi/publications/YangCZPBE15.pdf}
}
