@article{1909.00938,
Author = {Fan Zhang and Sai Krishna Deepak Maram and Harjasleen Malvai and Steven Goldfeder and Ari Juels},
Title = {DECO: Liberating Web Data Using Decentralized Oracles for {TLS}},
Year = {2019},
journal   = {CoRR},
volume    = {abs/1909.00938},
url = {https://arxiv.org/abs/1909.00938},
mediakey = {deco}
}

@article{DBLP:journals/iacr/Maram0WLZJS19,
  author    = {Sai Krishna Deepak Maram and
               Fan Zhang and
               Lun Wang and
               Andrew Low and
               Yupeng Zhang and
               Ari Juels and
               Dawn Song},
  title     = {{CHURP:} Dynamic-Committee Proactive Secret Sharing},
  journal   = {{IACR} Cryptology ePrint Archive},
  volume    = {2019},
  pages     = {17},
  year      = {2019},
  url       = {https://eprint.iacr.org/2019/017},
  timestamp = {Tue, 12 Feb 2019 00:00:00 +0100},
  biburl    = {https://dblp.org/rec/bib/journals/iacr/Maram0WLZJS19},
  bibsource = {dblp computer science bibliography, https://dblp.org},
  mediakey  = {CHURP}
}

@inproceedings{DBLP:conf/eurosp/ChengZKHHJJ0S19,
  author    = {Raymond Cheng and
               Fan Zhang and
               Jernej Kos and
               Warren He and
               Nicholas Hynes and
               Noah M. Johnson and
               Ari Juels and
               Andrew Miller and
               Dawn Song},
  title     = {Ekiden: {A} Platform for Confidentiality-Preserving, Trustworthy,
               and Performant Smart Contracts},
  booktitle = {EuroS{\&}P},
  pages     = {185--200},
  publisher = {{IEEE}},
  year      = {2019},
  url       = {https://ieeexplore.ieee.org/abstract/document/8806762},
  mediakey  = {Ekiden},
}

@inproceedings{DBLP:journals/iacr/ZhangDBJ18,
  author    = {Fan Zhang and
               Philip Daian and
               Iddo Bentov and
               Ari Juels},
  title     = {Paralysis Proofs: Safe Access-Structure Updates for Cryptocurrencies
               and More},
  booktitle = {{ACM} AFT (to appear)},
  year      = {2019},
  url       = {http://eprint.iacr.org/2018/096},
  mediakey  = {ParalysisProofs}
}

@inproceedings{DBLP:conf/ccs/CecchettiZJKJS17,
  author    = {Ethan Cecchetti and
               Fan Zhang and
               Yan Ji and
               Ahmed E. Kosba and
               Ari Juels and
               Elaine Shi},
  editor    = {Bhavani M. Thuraisingham and
               David Evans and
               Tal Malkin and
               Dongyan Xu},
  title     = {Solidus: Confidential Distributed Ledger Transactions via {PVORM}},
  booktitle = {{ACM} {CCS}},
  pages     = {701--717},
  publisher = {{ACM}},
  year      = {2017},
  url       = {https://doi.org/10.1145/3133956.3134010},
  doi       = {10.1145/3133956.3134010},
  timestamp = {Wed, 13 Feb 2019 00:00:00 +0100},
  biburl    = {https://dblp.org/rec/bib/conf/ccs/CecchettiZJKJS17},
  bibsource = {dblp computer science bibliography, https://dblp.org}
}

@inproceedings{DBLP:conf/eurosp/TramerZLHJS17,
  author    = {Florian Tram{\`{e}}r and
               Fan Zhang and
               Huang Lin and
               Jean{-}Pierre Hubaux and
               Ari Juels and
               Elaine Shi},
  title     = {Sealed-Glass Proofs: Using Transparent Enclaves to Prove and Sell
               Knowledge},
  booktitle = {{IEEE} Euro{S\&P}},
  pages     = {19--34},
  publisher = {{IEEE}},
  year      = {2017},
  url       = {https://doi.org/10.1109/EuroSP.2017.28},
  doi       = {10.1109/EuroSP.2017.28},
  timestamp = {Wed, 13 Feb 2019 00:00:00 +0100},
  biburl    = {https://dblp.org/rec/bib/conf/eurosp/TramerZLHJS17},
  bibsource = {dblp computer science bibliography, https://dblp.org}
}

@inproceedings{DBLP:conf/uss/ZhangEEJR17,
  author    = {Fan Zhang and
               Ittay Eyal and
               Robert Escriva and
               Ari Juels and
               Robbert van Renesse},
  editor    = {Engin Kirda and
               Thomas Ristenpart},
  title     = {{REM:} Resource-Efficient Mining for Blockchains},
  booktitle = {{USENIX} Security},
  pages     = {1427--1444},
  publisher = {{USENIX} Association},
  year      = {2017},
  url       = {https://www.usenix.org/conference/usenixsecurity17/technical-sessions/presentation/zhang},
  timestamp = {Wed, 13 Feb 2019 00:00:00 +0100},
  biburl    = {https://dblp.org/rec/bib/conf/uss/ZhangEEJR17},
  bibsource = {dblp computer science bibliography, https://dblp.org},
  mediakey  = {REM},
}

@article{DBLP:journals/iacr/BentovJZLZBDJ17,
  author    = {Iddo Bentov and
               Yan Ji and
               Fan Zhang and
               Yunqi Li and
               Xueyuan Zhao and
               Lorenz Breidenbach and
               Philip Daian and
               Ari Juels},
  title     = {Tesseract: Real-Time Cryptocurrency Exchange using Trusted Hardware},
  journal   = {{IACR} Cryptology ePrint Archive},
  volume    = {2017},
  pages     = {1153},
  year      = {2017},
  url       = {http://eprint.iacr.org/2017/1153},
  timestamp = {Wed, 13 Feb 2019 00:00:00 +0100},
  biburl    = {https://dblp.org/rec/bib/journals/iacr/BentovJZLZBDJ17},
  bibsource = {dblp computer science bibliography, https://dblp.org}
}

@inproceedings{DBLP:conf/ccs/ZhangCCJS16,
  author    = {Fan Zhang and
               Ethan Cecchetti and
               Kyle Croman and
               Ari Juels and
               Elaine Shi},
  editor    = {Edgar R. Weippl and
               Stefan Katzenbeisser and
               Christopher Kruegel and
               Andrew C. Myers and
               Shai Halevi},
  title     = {Town Crier: An Authenticated Data Feed for Smart Contracts},
  booktitle = {{ACM} CCS},
  pages     = {270--282},
  publisher = {{ACM}},
  year      = {2016},
  url       = {https://doi.org/10.1145/2976749.2978326},
  doi       = {10.1145/2976749.2978326},
  timestamp = {Wed, 13 Feb 2019 00:00:00 +0100},
  biburl    = {https://dblp.org/rec/bib/conf/ccs/ZhangCCJS16},
  bibsource = {dblp computer science bibliography, https://dblp.org},
  mediakey  = {TownCrier}
}

@inproceedings{DBLP:conf/uss/TramerZJRR16,
  author    = {Florian Tram{\`{e}}r and
               Fan Zhang and
               Ari Juels and
               Michael K. Reiter and
               Thomas Ristenpart},
  editor    = {Thorsten Holz and
               Stefan Savage},
  title     = {Stealing Machine Learning Models via Prediction APIs},
  booktitle = {{USENIX} Security},
  pages     = {601--618},
  publisher = {{USENIX} Association},
  year      = {2016},
  url       = {https://www.usenix.org/conference/usenixsecurity16/technical-sessions/presentation/tramer},
  timestamp = {Wed, 13 Feb 2019 00:00:00 +0100},
  biburl    = {https://dblp.org/rec/bib/conf/uss/TramerZJRR16},
  bibsource = {dblp computer science bibliography, https://dblp.org}
}

@inproceedings{yang2015plateclick,
    title = {PlateClick: Bootstrapping Food Preferences Through an Adaptive Visual Interface},
    author = {Longqi Yang and Yin Cui and Fan Zhang and John P Pollak and Serge Belongie and Deborah Estrin},
    booktitle = {ACM CIKM},
    pages = {183--192},
    year = {2015},
    organization = {ACM},
    url = {http://www.cs.cornell.edu/~ylongqi/publications/YangCZPBE15.pdf}
}
