@misc{cryptoeprint:2016:168,
    author = {Fan Zhang and Ethan Cecchetti and Kyle Croman and Ari Juels and Elaine Shi},
    title = {Town Crier: An Authenticated Data Feed for Smart Contracts},
    howpublished = {Cryptology ePrint Archive, Report 2016/168},
    year = {2016},
    note = {\url{http://eprint.iacr.org/2016/168}},
}

@inproceedings{yang2015plateclick,
  title={PlateClick: Bootstrapping Food Preferences Through an Adaptive Visual Interface},
  author={Yang, Longqi and Cui, Yin and Zhang, Fan and Pollak, John P and Belongie, Serge and Estrin, Deborah},
  booktitle={Proceedings of the 24th ACM International on Conference on Information and Knowledge Management},
  pages={183--192},
  year={2015},
  organization={ACM},
  url = {http://www.cs.cornell.edu/~ylongqi/publications/YangCZPBE15.pdf}
}

@inproceedings {197128,
    title = {Stealing Machine Learning Models via Prediction {APIs}},
    booktitle = {25th USENIX Security Symposium (USENIX Security 16)},
    author = {Florian Tramer and Fan Zhang and Ari Juels and Michael Reiter and Thomas Ristenpart},
    year = {2016},
    address = {Austin, TX},
    url = {https://www.usenix.org/conference/usenixsecurity16/technical-sessions/presentation/tramer},
    publisher = {USENIX Association},
}
