@inproceedings{DBLP:conf/ccs/MaramZWLZJS19,
  author    = {SKD Maram* and
               Fan Zhang* and
               Lun Wang and
               Andrew Low and
               Yupeng Zhang and
               Ari Juels and
               Dawn Song},
  editor    = {Lorenzo Cavallaro and
               Johannes Kinder and
               XiaoFeng Wang and
               Jonathan Katz},
  title     = {{CHURP:} Dynamic-Committee Proactive Secret Sharing},
  booktitle = {Proceedings of the 2019 {ACM} {SIGSAC} Conference on Computer and
               Communications Security, {CCS} 2019, London, UK, November 11-15, 2019.},
  pages     = {2369--2386},
  publisher = {{ACM}},
  year      = {2019},
  url       = {https://doi.org/10.1145/3319535.3363203},
  doi       = {10.1145/3319535.3363203},
  timestamp = {Sat, 09 Nov 2019 18:08:30 +0100},
  biburl    = {https://dblp.org/rec/bib/conf/ccs/MaramZWLZJS19},
  bibsource = {dblp computer science bibliography, https://dblp.org},
  note = {\bf *First two authors made equal contributions}
}

@inproceedings{DBLP:conf/aft/ZhangDBMJ19,
  author    = {Fan Zhang and
               Philip Daian and
               Iddo Bentov and
               Ian Miers and
               Ari Juels},
  title     = {Paralysis Proofs: Secure Dynamic Access Structures for Cryptocurrency
               Custody and More},
  booktitle = {Proceedings of the 1st {ACM} Conference on Advances in Financial Technologies,
               {AFT} 2019, Zurich, Switzerland, October 21-23, 2019.},
  pages     = {1--15},
  publisher = {{ACM}},
  year      = {2019},
  url       = {https://doi.org/10.1145/3318041.3355459},
  doi       = {10.1145/3318041.3355459},
  timestamp = {Tue, 22 Oct 2019 01:00:00 +0200},
  biburl    = {https://dblp.org/rec/bib/conf/aft/ZhangDBMJ19},
  bibsource = {dblp computer science bibliography, https://dblp.org}
}

@inproceedings{DBLP:conf/ccs/BentovJ0BDJ19,
  author    = {Iddo Bentov and
               Yan Ji and
               Fan Zhang and
               Lorenz Breidenbach and
               Philip Daian and
               Ari Juels},
  editor    = {Lorenzo Cavallaro and
               Johannes Kinder and
               XiaoFeng Wang and
               Jonathan Katz},
  title     = {Tesseract: Real-Time Cryptocurrency Exchange Using Trusted Hardware},
  booktitle = {Proceedings of the 2019 {ACM} {SIGSAC} Conference on Computer and
               Communications Security, {CCS} 2019, London, UK, November 11-15, 2019.},
  pages     = {1521--1538},
  publisher = {{ACM}},
  year      = {2019},
  url       = {https://doi.org/10.1145/3319535.3363221},
  doi       = {10.1145/3319535.3363221},
  timestamp = {Fri, 08 Nov 2019 12:58:36 +0100},
  biburl    = {https://dblp.org/rec/bib/conf/ccs/BentovJ0BDJ19},
  bibsource = {dblp computer science bibliography, https://dblp.org}
}

@inproceedings{DBLP:conf/eurosp/ChengZKHHJJ0S19,
  author    = {Raymond Cheng and
               Fan Zhang and
               Jernej Kos and
               Warren He and
               Nicholas Hynes and
               Noah M. Johnson and
               Ari Juels and
               Andrew Miller and
               Dawn Song},
  title     = {Ekiden: {A} Platform for Confidentiality-Preserving, Trustworthy,
               and Performant Smart Contracts},
  booktitle = {{IEEE} European Symposium on Security and Privacy, EuroS{\&}P 2019,
               Stockholm, Sweden, June 17-19, 2019},
  pages     = {185--200},
  publisher = {{IEEE}},
  year      = {2019},
  url       = {https://doi.org/10.1109/EuroSP.2019.00023},
  doi       = {10.1109/EuroSP.2019.00023},
  timestamp = {Sat, 19 Oct 2019 01:00:00 +0200},
  biburl    = {https://dblp.org/rec/bib/conf/eurosp/ChengZKHHJJ0S19},
  bibsource = {dblp computer science bibliography, https://dblp.org}
}

@inproceedings{DBLP:conf/ccs/CecchettiZJKJS17,
  author    = {Ethan Cecchetti and
               Fan Zhang and
               Yan Ji and
               Ahmed E. Kosba and
               Ari Juels and
               Elaine Shi},
  editor    = {Bhavani M. Thuraisingham and
               David Evans and
               Tal Malkin and
               Dongyan Xu},
  title     = {Solidus: Confidential Distributed Ledger Transactions via {PVORM}},
  booktitle = {Proceedings of the 2017 {ACM} {SIGSAC} Conference on Computer and
               Communications Security, {CCS} 2017, Dallas, TX, USA, October 30 -
               November 03, 2017},
  pages     = {701--717},
  publisher = {{ACM}},
  year      = {2017},
  url       = {https://doi.org/10.1145/3133956.3134010},
  doi       = {10.1145/3133956.3134010},
  timestamp = {Sat, 19 Oct 2019 01:00:00 +0200},
  biburl    = {https://dblp.org/rec/bib/conf/ccs/CecchettiZJKJS17},
  bibsource = {dblp computer science bibliography, https://dblp.org}
}

@inproceedings{DBLP:conf/eurosp/TramerZLHJS17,
  author    = {Florian Tram{\`{e}}r and
               Fan Zhang and
               Huang Lin and
               Jean{-}Pierre Hubaux and
               Ari Juels and
               Elaine Shi},
  title     = {Sealed-Glass Proofs: Using Transparent Enclaves to Prove and Sell
               Knowledge},
  booktitle = {2017 {IEEE} European Symposium on Security and Privacy, EuroS{\&}P
               2017, Paris, France, April 26-28, 2017},
  pages     = {19--34},
  publisher = {{IEEE}},
  year      = {2017},
  url       = {https://doi.org/10.1109/EuroSP.2017.28},
  doi       = {10.1109/EuroSP.2017.28},
  timestamp = {Sat, 19 Oct 2019 01:00:00 +0200},
  biburl    = {https://dblp.org/rec/bib/conf/eurosp/TramerZLHJS17},
  bibsource = {dblp computer science bibliography, https://dblp.org}
}

@inproceedings{DBLP:conf/uss/ZhangEEJR17,
  author    = {Fan Zhang and
               Ittay Eyal and
               Robert Escriva and
               Ari Juels and
               Robbert van Renesse},
  editor    = {Engin Kirda and
               Thomas Ristenpart},
  title     = {{REM:} Resource-Efficient Mining for Blockchains},
  booktitle = {26th {USENIX} Security Symposium, {USENIX} Security 2017, Vancouver,
               BC, Canada, August 16-18, 2017.},
  pages     = {1427--1444},
  publisher = {{USENIX} Association},
  year      = {2017},
  url       = {https://www.usenix.org/conference/usenixsecurity17/technical-sessions/presentation/zhang},
  timestamp = {Wed, 13 Feb 2019 00:00:00 +0100},
  biburl    = {https://dblp.org/rec/bib/conf/uss/ZhangEEJR17},
  bibsource = {dblp computer science bibliography, https://dblp.org}
}

@inproceedings{DBLP:conf/ccs/ZhangCCJS16,
  author    = {Fan Zhang and
               Ethan Cecchetti and
               Kyle Croman and
               Ari Juels and
               Elaine Shi},
  editor    = {Edgar R. Weippl and
               Stefan Katzenbeisser and
               Christopher Kruegel and
               Andrew C. Myers and
               Shai Halevi},
  title     = {Town Crier: An Authenticated Data Feed for Smart Contracts},
  booktitle = {Proceedings of the 2016 {ACM} {SIGSAC} Conference on Computer and
               Communications Security, Vienna, Austria, October 24-28, 2016},
  pages     = {270--282},
  publisher = {{ACM}},
  year      = {2016},
  url       = {https://doi.org/10.1145/2976749.2978326},
  doi       = {10.1145/2976749.2978326},
  timestamp = {Sat, 19 Oct 2019 01:00:00 +0200},
  biburl    = {https://dblp.org/rec/bib/conf/ccs/ZhangCCJS16},
  bibsource = {dblp computer science bibliography, https://dblp.org}
}

@inproceedings{DBLP:conf/uss/TramerZJRR16,
  author    = {Florian Tram{\`{e}}r and
               Fan Zhang and
               Ari Juels and
               Michael K. Reiter and
               Thomas Ristenpart},
  editor    = {Thorsten Holz and
               Stefan Savage},
  title     = {Stealing Machine Learning Models via Prediction APIs},
  booktitle = {25th {USENIX} Security Symposium, {USENIX} Security 16, Austin, TX,
               USA, August 10-12, 2016.},
  pages     = {601--618},
  publisher = {{USENIX} Association},
  year      = {2016},
  url       = {https://www.usenix.org/conference/usenixsecurity16/technical-sessions/presentation/tramer},
  timestamp = {Wed, 13 Feb 2019 00:00:00 +0100},
  biburl    = {https://dblp.org/rec/bib/conf/uss/TramerZJRR16},
  bibsource = {dblp computer science bibliography, https://dblp.org}
}

@inproceedings{DBLP:conf/cikm/YangCZPBE15,
  author    = {Longqi Yang and
               Yin Cui and
               Fan Zhang and
               John P. Pollak and
               Serge J. Belongie and
               Deborah Estrin},
  editor    = {James Bailey and
               Alistair Moffat and
               Charu C. Aggarwal and
               Maarten de Rijke and
               Ravi Kumar and
               Vanessa Murdock and
               Timos K. Sellis and
               Jeffrey Xu Yu},
  title     = {PlateClick: Bootstrapping Food Preferences Through an Adaptive Visual
               Interface},
  booktitle = {Proceedings of the 24th {ACM} International Conference on Information
               and Knowledge Management, {CIKM} 2015, Melbourne, VIC, Australia,
               October 19 - 23, 2015},
  pages     = {183--192},
  publisher = {{ACM}},
  year      = {2015},
  url       = {https://doi.org/10.1145/2806416.2806544},
  doi       = {10.1145/2806416.2806544},
  timestamp = {Sat, 19 Oct 2019 01:00:00 +0200},
  biburl    = {https://dblp.org/rec/bib/conf/cikm/YangCZPBE15},
  bibsource = {dblp computer science bibliography, https://dblp.org}
}

