../content/Zhang_0022:Fan.bib