@inproceedings{Zhang:2016:TCA:2976749.2978326,
 author = {Zhang, Fan and Cecchetti, Ethan and Croman, Kyle and Juels, Ari and Shi, Elaine},
 title = {Town Crier: An Authenticated Data Feed for Smart Contracts},
 booktitle = {Proceedings of the 2016 ACM SIGSAC Conference on Computer and Communications Security},
 series = {CCS '16},
 year = {2016},
 isbn = {978-1-4503-4139-4},
 location = {Vienna, Austria},
 pages = {270--282},
 numpages = {13},
 url = {http://doi.acm.org/10.1145/2976749.2978326},
 doi = {10.1145/2976749.2978326},
 acmid = {2978326},
 publisher = {ACM},
 address = {New York, NY, USA},
 keywords = {authenticated data feeds, bitcoin, ethereum, intel SGX, smart contracts, trusted hardware},
}
